<record><leader>00000cas a22000007a 4500</leader><controlfield tag="001">31125726</controlfield><controlfield tag="007">hd afb---baca</controlfield><controlfield tag="008">940916d17941797mauwr nea     0    0eng d</controlfield><datafield ind1=" " ind2=" " tag="010"><subfield code="a">sn 94031293 </subfield></datafield><datafield ind1=" " ind2=" " tag="040"><subfield code="a">IAI</subfield><subfield code="b">eng</subfield><subfield code="c">IAI</subfield><subfield code="d">HUL</subfield><subfield code="d">OCL</subfield><subfield code="d">OCLCQ</subfield><subfield code="d">OCLCG</subfield><subfield code="d">OCLCQ</subfield><subfield code="d">OCLCF</subfield><subfield code="d">OCLCO</subfield><subfield code="d">OCLCQ</subfield></datafield><datafield ind1=" " ind2=" " tag="012"><subfield code="i">9412</subfield></datafield><datafield ind1=" " ind2=" " tag="042"><subfield code="a">msc</subfield></datafield><datafield ind1=" " ind2=" " tag="043"><subfield code="a">n-us-ma</subfield></datafield><datafield ind1=" " ind2="4" tag="050"><subfield code="a">AN27.S86</subfield><subfield code="b">W4</subfield></datafield><datafield ind1="0" ind2="0" tag="245"><subfield code="a">Andrews's Western star.</subfield></datafield><datafield ind1="1" ind2="3" tag="246"><subfield code="a">Western star</subfield></datafield><datafield ind1=" " ind2=" " tag="260"><subfield code="a">Stockbridge, Mass. :</subfield><subfield code="b">Loring Andrews,</subfield><subfield code="c">1794-1797.</subfield></datafield><datafield ind1=" " ind2=" " tag="300"><subfield code="a">4 volumes ;</subfield><subfield code="c">45 cm</subfield></datafield><datafield ind1=" " ind2=" " tag="310"><subfield code="a">Weekly</subfield></datafield><datafield ind1=" " ind2=" " tag="336"><subfield code="a">text</subfield><subfield code="b">txt</subfield><subfield code="2">rdacontent</subfield></datafield><datafield ind1=" " ind2=" " tag="337"><subfield code="a">microform</subfield><subfield code="b">h</subfield><subfield code="2">rdamedia</subfield></datafield><datafield ind1=" " ind2=" " tag="338"><subfield code="a">microfilm reel</subfield><subfield code="b">hd</subfield><subfield code="2">rdacarrier</subfield></datafield><datafield ind1="0" ind2=" " tag="362"><subfield code="a">Vol. 5, no. 30 (June 17, 1794)-v. 8, no. 14 (Feb. 20, 1797).</subfield></datafield><datafield ind1=" " ind2=" " tag="500"><subfield code="a">Federalist.</subfield></datafield><datafield ind1=" " ind2=" " tag="500"><subfield code="a">Published on Tuesday, June 1794-Aug. 1796; on Monday, Sept. 1796-1797.</subfield></datafield><datafield ind1=" " ind2=" " tag="500"><subfield code="a">Printer: L. Andrews.</subfield></datafield><datafield ind1=" " ind2=" " tag="500"><subfield code="a">Editor: L. Andrews.</subfield></datafield><datafield ind1=" " ind2=" " tag="500"><subfield code="a">Issues for June 17-Dec. 30, 1794 on film with Jan. 1, 1793-June 10, 1794 issues of earlier title: Western star (Stockbridge, Mass. : 1789).</subfield></datafield><datafield ind1=" " ind2=" " tag="515"><subfield code="a">Vol. 5, no. 30 (June 17, 1794)-v. 8, no. 14 (Feb. 20, 1797) called also whole no. 237-whole no. 378.</subfield></datafield><datafield ind1=" " ind2=" " tag="533"><subfield code="a">Microfilm.</subfield><subfield code="b">New Canaan, CT :</subfield><subfield code="c">Readex Microprint Corp.</subfield><subfield code="e">microfilm reels ; 35 mm.</subfield><subfield code="f">(Early American newspapers).</subfield></datafield><datafield ind1=" " ind2="0" tag="651"><subfield code="a">Stockbridge (Mass.)</subfield><subfield code="v">Newspapers.</subfield></datafield><datafield ind1=" " ind2="7" tag="651"><subfield code="a">Massachusetts</subfield><subfield code="z">Stockbridge.</subfield><subfield code="2">fast</subfield><subfield code="0">(OCoLC)fst01202991</subfield></datafield><datafield ind1=" " ind2="7" tag="655"><subfield code="a">Newspapers.</subfield><subfield code="2">fast</subfield><subfield code="0">(OCoLC)fst01423814</subfield></datafield><datafield ind1="1" ind2=" " tag="700"><subfield code="a">Andrews, Loring,</subfield><subfield code="d">1768-1805.</subfield></datafield><datafield ind1=" " ind2=" " tag="752"><subfield code="a">United States</subfield><subfield code="b">Massachusetts</subfield><subfield code="c">Berkshire</subfield><subfield code="d">Stockbridge.</subfield></datafield><datafield ind1="0" ind2="0" tag="780"><subfield code="t">Western star (Stockbridge, Mass. : 1789)</subfield><subfield code="w">(DLC)sn 94031300</subfield><subfield code="w">(OCoLC)31125941</subfield></datafield><datafield ind1="0" ind2="0" tag="785"><subfield code="t">Western star (Stockbridge, Mass. : 1797)</subfield></datafield><datafield ind1=" " ind2="0" tag="830"><subfield code="a">Early American newspapers.</subfield></datafield><datafield ind1=" " ind2=" " tag="850"><subfield code="a">MH</subfield></datafield><datafield ind1="1" ind2=" " tag="029"><subfield code="a">AU@</subfield><subfield code="b">000020133223</subfield></datafield></record>